@techreport{rep1,
  author       = {Ali Gholami}, 
  title        = {Implementation and Optimization of Image Template Matching with CUDA},
  institution  = {Amirkabir University of Technology},
  year         = 2018,
  number       = 1,
  address      = {Department of Computer Engineering and Information Technology},
  month        = 7,
  note         = {Multi-core programming project report},
entrysubtype={techreport}
}

@techreport{rep2,
  author       = {Ali Gholami}, 
  title        = {Maximum Likelihood Approximate Nearest Neighbor Method in Real-time Image Recognition },
  institution  = {Amirkabir University of Technology},
  year         = 2018,
  number       = 2,
  address      = {Department of Computer Engineering and Information Technology},
  month        = 4,
  note         = {Statistical pattern recognition project report},
entrysubtype={techreport}
}

@manual{bayes1,
  title        = {Introduction to Linear Algebra, Probability and Statistics},
  author       = {Ali Gholami}, 
  organization = {},
  address      = {},
  month        = 9,
  year         = 2017,
  note         = {Available at: https://goo.gl/uCUWDX}
}

@manual{bayes2,
  title        = {Analysis of Bayesian Decision Boundaries, Risk Minimization and Bayes Error Bounds.},
  author       = {Ali Gholami}, 
  organization = {},
  address      = {},
  month        = 10,
  year         = 2017,
  note         = {Available at: https://goo.gl/XKz7dh}
}

@manual{bayes3,
  title        = {Parametric methods; Maximum Likelihood and Bayesian Parameter Estimation},
  author       = {Ali Gholami}, 
  organization = {},
  address      = {},
  month        = 10,
  year         = 2017,
  note         = {Available at: https://goo.gl/Mc9wfm}
}


@manual{bayes4,
  title        = {Non-parametric methods; Kernel Density Estimation},
  author       = {Ali Gholami}, 
  organization = {},
  address      = {},
  month        = 1,
  year         = 2018,
  note         = {Available at: https://goo.gl/j4wcjg}
}

@manual{bayes5,
  title        = {Dimensionality reduction strategies; Principal Component Analysis, Fisher Linear Discriminant and Feature Subset Selection},
  author       = {Ali Gholami}, 
  organization = {},
  address      = {},
  month        = 2,
  year         = 2018,
  note         = {Available at: https://goo.gl/kkajZ1}
}

@manual{bayes6,
  title        = {Linear Discriminant Functions, Support Vector Machine and Unsupervised Learning},
  author       = {Ali Gholami}, 
  organization = {},
  address      = {},
  month        = 3,
  year         = 2018,
  note         = {Available at: https://goo.gl/w9tojs}
}

@manual{dm1,
  title        = {Association rule mining and feature engineering in unstructured datasets},
  author       = {Ali Gholami}, 
  organization = {},
  address      = {},
  month        = 3,
  year         = 2017,
  note         = {Available at: https://goo.gl/G8fe6E}
}

@manual{dm2,
  title        = {Implementation and evaluation of Decision Tree models on Annealing dataset},
  author       = {Ali Gholami}, 
  organization = {},
  address      = {},
  month        = 2,
  year         = 2017,
  note         = {Available at: https://goo.gl/JbBDPT}
}

@manual{dm3,
  title        = {Implementation and evaluation of Decision Tree models on Annealing dataset},
  author       = {Ali Gholami}, 
  organization = {},
  address      = {},
  month        = 1,
  year         = 2017,
  note         = {Available at: https://goo.gl/JbBDPT}
}

@manual{dm4,
  title        = {Visualization of classification models with RapidMiner},
  author       = {Ali Gholami}, 
  organization = {},
  address      = {},
  month        = 4,
  year         = 2018,
  note         = {Available at: https://goo.gl/eSJLaE}
}

@manual{pl1,
  title        = {Induction, Denotational Semantics and Lambda Calculus},
  author       = {Ali Gholami}, 
  organization = {},
  address      = {},
  month        = 4,
  year         = 2017,
  note         = {Available at: https://goo.gl/d3Jh6r}
}


@manual{pl2,
  title        = {Lisp, Garbage Collection and Higher-order Functions},
  author       = {Ali Gholami}, 
  organization = {},
  address      = {},
  month        = 4,
  year         = 2017,
  note         = {Available at: https://goo.gl/KUEVkR}
}

@manual{pl3,
  title        = {Types and Patterns in Algol and Meta Language},
  author       = {Ali Gholami}, 
  organization = {},
  address      = {},
  month        = 4,
  year         = 2017,
  note         = {Available at: https://goo.gl/6X3Sgy}
}

@manual{pl4,
  title        = {Polymorphism, Type Safety and Type Inference},
  author       = {Ali Gholami}, 
  organization = {},
  address      = {},
  month        = 4,
  year         = 2017,
  note         = {Available at: https://goo.gl/uGH48R}
}

