%مراجع خود را در این قسمت وارد کنید.
% دستوری برای کوچک کردن اندازه فونت‌ها 
%یک مثال را در زیر می‌بینید.
@article{potter1976short,
	title={Short-term conceptual memory for pictures.},
	author={Potter, Mary C},
	journal={Journal of experimental psychology: human learning and memory},
	volume={2},
	number={5},
	pages={509},
	year={1976},
	publisher={American Psychological Association}
}

@article{fei2007we,
	title={What do we perceive in a glance of a real-world scene?},
	author={Fei-Fei, Li and Iyer, Asha and Koch, Christof and Perona, Pietro},
	journal={Journal of vision},
	volume={7},
	number={1},
	pages={10--10},
	year={2007},
	publisher={The Association for Research in Vision and Ophthalmology}
}